
@article{goldin_quasi-diffusion_1964,
	title = {A quasi-diffusion method of solving the kinetic equation},
	volume = {4},
	url = {http://www.sciencedirect.com/science/article/pii/0041555364900850},
	number = {6},
	urldate = {2014-10-08},
	journal = {{USSR} Computational Mathematics and Mathematical Physics},
	author = {Gol'Din, V. Ya},
	year = {1964},
	pages = {136--149},
	file = {Gol'din-quasi-diffusion_ZhVychMat4No6_1946.pdf:/Users/madicken1/Library/Application Support/Zotero/Profiles/sod9rnl8.default/zotero/storage/6ETW7EUM/Gol'din-quasi-diffusion_ZhVychMat4No6_1946.pdf:application/pdf;Gol'din-quasi-diffusion_ZhVychMat4No6_1946.pdf:/Users/madicken1/Library/Application Support/Zotero/Profiles/sod9rnl8.default/zotero/storage/P8UVENBM/Gol'din-quasi-diffusion_ZhVychMat4No6_1946.pdf:application/pdf}
}

@techreport{van_riper_avatarautomatic_1997,
	title = {{AVATAR}â€“Automatic variance reduction in Monte Carlo calculations},
	url = {http://www.osti.gov/scitech/biblio/527548},
	urldate = {2014-10-08},
	institution = {Los Alamos National Lab., {NM} (United States)},
	author = {Van Riper, Kenneth A. and Urbatsch, Todd J. and Soran, Patrick D.},
	year = {1997},
	file = {VanRiper_AVATAR.PDF:/Users/madicken1/Library/Application Support/Zotero/Profiles/sod9rnl8.default/zotero/storage/RUZ7GS9Q/VanRiper_AVATAR.PDF:application/pdf}
}

@article{radulescu_dose_2013,
	title = {Dose Rate Analysis of As-Loaded Spent Nuclear Fuel Casks},
	url = {http://www.ornl.gov/~5pe/p087.pdf},
	urldate = {2014-10-08},
	author = {Radulescu, Georgeta and Peplow, Douglas E. and Williams, Mark L. and Scaglione, John M.},
	year = {2013},
	file = {[PDF] from ornl.gov:/Users/madicken1/Library/Application Support/Zotero/Profiles/sod9rnl8.default/zotero/storage/99C5DBBV/Radulescu et al. - 2013 - Dose Rate Analysis of As-Loaded Spent Nuclear Fuel.pdf:application/pdf}
}

@article{turner_automatic_1997,
	title = {Automatic variance reduction for three-dimensional Monte Carlo simulations by the local importance function transform-I: Analysis},
	volume = {127},
	shorttitle = {Automatic variance reduction for three-dimensional Monte Carlo simulations by the local importance function transform-I},
	url = {http://cat.inist.fr/?aModele=afficheN&cpsidt=2833140},
	number = {1},
	urldate = {2014-12-09},
	journal = {Nuclear science and engineering},
	author = {Turner, Scott A. and Larsen, Edward W.},
	year = {1997},
	pages = {22--35},
	file = {Snapshot:/Users/madicken1/Library/Application Support/Zotero/Profiles/sod9rnl8.default/zotero/storage/VCQF7B8F/cat.inist.fr.html:text/html;turner_nse127v1_liftI.pdf:/Users/madicken1/Library/Application Support/Zotero/Profiles/sod9rnl8.default/zotero/storage/E4CKSJBS/turner_nse127v1_liftI.pdf:application/pdf}
}

@article{turner_automatic_1997-1,
	title = {Automatic variance reduction for three-dimensional Monte Carlo simulations by the local importance function transform-{II}: Numerical results},
	volume = {127},
	shorttitle = {Automatic variance reduction for three-dimensional Monte Carlo simulations by the local importance function transform-{II}},
	url = {http://cat.inist.fr/?aModele=afficheN&cpsidt=2833141},
	number = {1},
	urldate = {2014-12-09},
	journal = {Nuclear science and engineering},
	author = {Turner, Scott A. and Larsen, Edward W.},
	year = {1997},
	pages = {36--53},
	file = {Snapshot:/Users/madicken1/Library/Application Support/Zotero/Profiles/sod9rnl8.default/zotero/storage/FVXTBK2T/cat.inist.fr.html:text/html;turner_nse127v1_liftII.pdf:/Users/madicken1/Library/Application Support/Zotero/Profiles/sod9rnl8.default/zotero/storage/49694PJ6/turner_nse127v1_liftII.pdf:application/pdf}
}

@article{miften_quasi-diffusion_1993,
	title = {The quasi-diffusion method for solving transport problems in planar and spherical geometries},
	volume = {22},
	url = {http://www.tandfonline.com/doi/abs/10.1080/00411459308203811},
	number = {2-3},
	urldate = {2014-12-10},
	journal = {Transport Theory and Statistical Physics},
	author = {Miften, M. M. and Larsen, Edward W.},
	year = {1993},
	pages = {165--186},
	file = {Miften-Larsen-quasi-diffusion.pdf:/Users/madicken1/Library/Application Support/Zotero/Profiles/sod9rnl8.default/zotero/storage/UMGXJFAJ/Miften-Larsen-quasi-diffusion.pdf:application/pdf;Snapshot:/Users/madicken1/Library/Application Support/Zotero/Profiles/sod9rnl8.default/zotero/storage/XICCEGZM/login.html:text/html}
}

@article{booth_automatic_1982,
	title = {Automatic importance estimation in forward Monte Carlo calculations},
	volume = {41},
	url = {http://inis.iaea.org/search/search.aspx?orig_q=RN:14757371},
	urldate = {2014-12-10},
	journal = {Trans. Am. Nucl. Soc},
	author = {Booth, T. E.},
	year = {1982},
	pages = {308--309},
	file = {Snapshot:/Users/madicken1/Library/Application Support/Zotero/Profiles/sod9rnl8.default/zotero/storage/T8RAFUXB/search.html:text/html}
}

@article{hendricks_code-generated_1982,
	title = {A code-generated Monte Carlo importance function},
	volume = {41},
	url = {http://inis.iaea.org/search/search.aspx?orig_q=RN:14753414},
	urldate = {2014-12-10},
	journal = {Trans. Am. Nucl. Soc},
	author = {Hendricks, J. S.},
	year = {1982},
	pages = {307--308},
	file = {Snapshot:/Users/madicken1/Library/Application Support/Zotero/Profiles/sod9rnl8.default/zotero/storage/9F8G5UAN/search.html:text/html}
}